@inproceedings{Freeman:Pryce:06,
  title = {Evolving an embedded domain-specific language in {\Java}},
  author = {Freeman, Steve and Pryce, Nat},
  booktitle = {Companion to the \nth{21} ACM SIGPLAN symposium on Object-oriented programming systems, languages, and applications},
  pages = {855--865},
  year = 2006,
  organization = {ACM}
}

@Article{Harter:05,
 author = {Richard Harter},
 title = {A Game Theoretic Approach to the Toilete Seat Problem},
 journal = {The Science Creative Quarterly},
 year = 2005,
 number = 1,
 volume = 1,
 month = May,
}

@article{VanDeursen:Klint:2000,
  author = {Van Deursen, Arie and Klint, Paul and Visser, Joost},
  title = {Domain-specific languages},
  journal = {Centrum voor Wiskunde en Informatika},
  volume = 5,
  pages = 12,
  year = 2000,
  publisher = {Citeseer}
}

@article{Hudak:1997,
  author = {Hudak, Paul},
  title = {Domain-specific languages},
  journal = {Handbook of Programming Languages},
  volume = 3,
  pages = {39--60},
  year = 1997
}


@book{Fowler:2010,
  title = {Domain-specific languages},
  author = {Fowler, Martin},
  year = 2010,
  publisher = {Pearson Education}
}

@inproceedings{Aldrich:Sunshine:2009,
 author = {Aldrich, Jonathan and Sunshine, Joshua and Saini, Darpan and Sparks, Zachary},
 title = {Typestate-oriented Programming},
 booktitle = {Proceedings of the 24th ACM SIGPLAN Conference Companion on Object Oriented Programming Systems Languages and Applications},
 series = {OOPSLA '09},
 year = 2009,
 isbn = {978-1-60558-768-4},
 location = {Orlando, Florida, USA},
 pages = {1015--1022},
 numpages = 8,
 url = {http://doi.acm.org/10.1145/1639950.1640073},
 doi = {10.1145/1639950.1640073},
 acmid = 1640073,
 publisher = {ACM},
 address = {New York, NY, USA},
 keywords = {objects, paradigms, permissions, programming language, states, types, typestate},
} 



@inproceedings{Bierhoff:Aldrich:2005,
  author    = {Kevin Bierhoff and Jonathan Aldrich},
  title     = {Lightweight object specification with typestates},
  booktitle = {Proceedings of the 10th European Software Engineering Conference held
               jointly with 13th {ACM} {SIGSOFT} International Symposium on Foundations
               of Software Engineering, 2005, Lisbon, Portugal, September 5-9, 2005},
  pages     = {217--226},
  year      = 2005,
  crossref  = {DBLP:conf/sigsoft/2005},
  url       = {http://doi.acm.org/10.1145/1081706.1081741},
  doi       = {10.1145/1081706.1081741},
  timestamp = {Wed, 01 Apr 2015 20:06:24 +0200},
  biburl    = {http://dblp.uni-trier.de/rec/bib/conf/sigsoft/BierhoffA05},
  bibsource = {dblp computer science bibliography, http://dblp.org}
}

@proceedings{DBLP:conf/sigsoft/2005,
  editor    = {Michel Wermelinger and Harald C. Gall},
  title     = "Proceedings of the \nth{10} European Software Engineering Conference held
               jointly with \nth{13} {ACM} {SIGSOFT} International Symposium on Foundations
               of Software Engineering",
  Month = Sep,
  publisher = ACM,
  year      = 2005,
  isbn      = {1-59593-014-0},
  timestamp = {Wed, 01 Apr 2015 20:06:24 +0200},
  biburl    = {http://dblp.uni-trier.de/rec/bib/conf/sigsoft/2005},
  bibsource = {dblp computer science bibliography, http://dblp.org}
}

@article{Gil:Gutterman:2003,
  title={Turing Templates---On {C++} Compile Time Power},
  author={Gil, Yossi and Gutterman, Zvi},
  year=2003
}

@book{Chomsky:1963,
  title={Formal properties of grammars},
  author={Chomsky, Noam},
  year=1963,
  publisher={Wiley}
}

@article{Fowler:2005,
  title={Language workbenches: The killer-app for domain specific languages},
  author={Fowler, Martin},
  year=2005
}

@article{Turing:1936,
  title={On computable numbers, with an application to the Entscheidungsproblem},
  author={Turing, Alan Mathison},
  journal={J. of Math},
  volume=58,
  number={345-363},
  pages=5,
  year=1936
}

@incollection{Musser:Stepanov:1989,
  title={Generic programming},
  author={Musser, David R and Stepanov, Alexander A},
  booktitle={Symbolic and Algebraic Computation},
  pages={13--25},
  year=1989,
  publisher={Springer}
}

@incollection{Dehnert:Stepanov:2000,
  title={Fundamentals of generic programming},
  author={Dehnert, James C and Stepanov, Alexander},
  booktitle={Generic Programming},
  pages={1--11},
  year=2000,
  publisher={Springer}
}

@incollection{Backhouse:Jansson:1999,
  title={Generic Programming},
  author={Backhouse, Roland and Jansson, Patrik and Jeuring, Johan and Meertens, Lambert},
  booktitle={Advanced Functional Programming},
  pages={28--115},
  year=1999,
  publisher={Springer}
}

@book{Austern:1998,
  title={Generic programming and the STL: using and extending the C++ Standard Template Library},
  author={Austern, Matthew H},
  year=1998,
  publisher={Addison-Wesley Longman Publishing Co., Inc.}
}

@article{Bracha:Odersky:1998,
  title={Making the future safe for the past: Adding genericity to the Java programming language},
  author={Bracha, Gilad and Odersky, Martin and Stoutamire, David and Wadler, Philip},
  journal={Acm sigplan notices},
  volume=33,
  number=10,
  pages={183--200},
  year=1998,
  publisher={ACM}
}

@inproceedings{Garcia:Jarvi:2003,
  title={A comparative study of language support for generic programming},
  author={Garcia, Ronald and Jarvi, Jaakko and Lumsdaine, Andrew and Siek, Jeremy G and Willcock, Jeremiah},
  booktitle={OOPSLA},
  volume=3,
  number=36,
  pages={115--134},
  year=2003
}

@article{Eclipse:2009,
  title={for JAVA Developers},
  author={Eclipse, IDE},
  journal={URL http://www. eclipse. org/.--2008},
  year=2009
}

@article{Jetbrains:2003,
  title={Intellij idea},
  author={JetBrains, I},
  journal={On-line at www. intellij. com},
  year=2003
}

@incollection{Beckman:2011,
  title={An empirical study of object protocols in the wild},
  author={Beckman, Nels E and Kim, Duri and Aldrich, Jonathan},
  booktitle={ECOOP 2011--Object-Oriented Programming},
  pages={2--26},
  year=2011,
  publisher={Springer}
}
