@inproceedings{Freeman:Pryce:06,
  title={Evolving an embedded domain-specific language in {\Java}},
  author={Freeman, Steve and Pryce, Nat},
  booktitle={Companion to the \nth{21} ACM SIGPLAN symposium on Object-oriented programming systems, languages, and applications},
  pages={855--865},
  year=2006,
  organization={ACM}
}

